%% No extra knots, rational functions, sufficiency and necessity
%% proven, works for unequally spaced data, no code associated with
%% the paper, no algorithm provided for the initialization for free
%% shape parameters.
% abbas2012monotonicity
\refj{Abbas M., Majid, A. A. and Ali,
  J. M.}{2012}{Monotonicity-preserving $C^2$ rational cubic spline for
  monotone data}{Applied Mathematics and
  Computation}{219(6):2885--2895}

%% Develops a quadratic spline curve fitting algorithm that maintains
%% local convexity while also proving some error bounds. This method
%% avoids inserting additional knots, but does not interpolate the
%% data.
%% \refj{Beatson, R. K.}{1982}{Monotone and convex approximation by
%%   splines: error estimates and a curve fitting algorithm}{SIAM Journal
%%   on Numerical Analysis}{19(6):1278--1285}

% berglund2009planning
\refj{Berglund, T., Brodnik, A., Jonsson, H., Staffanson, M. and
  Soderkvist, I.}{2009}{Planning smooth and obstacle-avoiding B-spline
  paths for autonomous mining vehicles}{IEEE Transactions on
  Automation Science and Engineering}{7(1):167--172}

% brennan2019measure
\refj{Brennan, A.}{2020}{Measure, modulation and metadesign: NC
  fabrication in industrial design and architecture}{Journal of Design
  History}{33(1):66--82}

% deboor1978practical
\refb{de Boor, C.}{1978}{A Practical Guide to Splines}{Springer,
  Verlag, New York}

% cameron2019moana
\refj{Cameron, K. W., Anwar, A., Cheng, Y., Xu, L., Li, B., Ananth,
  U., Bernard, J., Jearls, C., Lux, T. C. H., Hong, Y., Watson, L. T.
  and Butt, A. R.}{2019}{MOANA: modeling and analyzing I/O variability
  in parallel system experimental design}{IEEE Transactions on
  Parallel and Distributed Systems}{30(8):1843--1856}

%% Proves existence of splines that maintain monotonicity and
%% convexity while having fixed continuity and order.
% constantini1986monotone
\refj{Costantini, P.}{1986}{On monotone and convex spline
  interpolation}{Mathematics of Computation}{46(173):203--214}

%% Source paper accompanying the BVSPIS publication.
% constantini1997boundary
\refj{Costantini, P.}{1997a}{Boundary-valued shape-preserving
  interpolating splines}{ACM Transactions on Mathematical Software
  (TOMS)}{23(2):229--251}

%% BVSPIS Algorithm.
% constantini1997bvspis
\refj{Costantini, P.}{1997b}{Algorithm 770: BVSPIS -- A package for
  computing boundary-valued shape-preserving interpolating
  splines}{ACM Transactions on Mathematical Software
  (TOMS)}{23(2):252-â€“254}

%% Constructs C3 interpolating splines by progressively increasing
%% tension through Bezier control polygons until shape parameters are
%% satisfied, no code is provided.
% cravero2003shape
\refj{Cravero, I. and C. Manni}{2003}{Shape-preserving interpolants with
  high smoothness}{Journal of computational and applied
  mathematics}{157(2):383--405}

%% Iterates towards a solution of nonlinear equations that ensure C2
%% continuity of quadratic rational splines. The solution they iterate
%% towards exists and is unique. They provide proofs and methods for
%% setting derivatives at the ends, no formal algorithms or code.
% delbourgo1983rational
\refj{Delbourgo, R. and Gregory, J. A.}{1983}{$C^2$ rational quadratic
  spline interpolation to monotonic data}{IMA Journal of Numerical
  Analysis}{3(2):141--152}

%% Continuous previous work by incorporating a cubic numerator, proves
%% shape preservation when the correct value for a tension parameter
%% is set but no method for setting that parameter. Accuracy depends
%% on accurate derivative evaluations. No code nor formal algorithm is
%% provided.
% delbourgo1993accurate
\refj{Delbourgo, R.}{1993}{Accurate $C^2$ rational interpolations in
  tension}{SIAM Journal on Numerical Analysis}{30(2):595--607}

%% Proves approximation error bounds for monotone spline interpolation
%% of data from monotone functions.
% devore1977monotone
\refj{DeVore, R. A.}{1977}{Monotone approximation by splines}{SIAM
  Journal on Mathematical Analysis}{8(5):891--905}

%% Proposes an algorithm for constructing C2 Hermite monotone spline
%% interpolants using proven sufficient, but not necessary
%% conditions. As these bounds are not sharp, the space of allowable
%% derivative and second derivative values at knots is unnecessarily
%% shrunk. An algorithm is provided, but no code. Recommends against
%% the direct optimization for smoothness parameters like L2, instead
%% promoting problem specific definitions of 'geometric niceness'.
% dougherty1989nonnegativity
\refj{Dougherty, R. L., Edelman, A. and Hyman,
  J. M.}{1989}{Nonnegativity-, monotonicity- convexity-preserving
  cubic and quintic Hermite interpolation}{Mathematics of
  Computation}{52(186):471--494}

%% Proves a simple method for determining the existence of a monotone
%% C2 cubic interpolating spline, but functions of this kind do not
%% always exist for arbitrary convex monotone data sets.
% fiorot1991shape
\refj{Fiorot, J. C. and Tabka, J.}{1991}{Shape-preserving $C^2$ cubic
  polynomial interpolating splines}{Mathematics of
  Computation}{57(195):291--298} \goodbreak

% fritsch1980monotone
\refj{Fritsch., F and Carlson., R.}{1980}{Monotone piecewise cubic
  interpolation}{SIAM Journal on Numerical Analysis}{17(2):238--246}

% fritsch1982LLNL
\reft{Fritsch, F. N.}{1982}{Piecewise cubic Hermite interpolation
  package, final specifications}{Computer Documentation UCID-30194,
  Lawrence Livermore National Laboratory}

%% Proves necessary and sufficient conditions for a closed form
%% solution to monotone C1 quadratic rational spline
%% interpolation. Does not provide formal algorithm, nor code.
% gregory1982piecewise
\refj{Gregory, J. A. and Delbourgo, R.}{1982}{Piecewise rational
  quadratic interpolation to monotonic data}{IMA Journal of Numerical
  Analysis}{2(2):123--130}

% gregory1985shape
\reft{Gregory, J. A.}{1985}{Shape preserving spline
  interpolation}{NASA, Langley Research Center Computational Geometry
  and Computer-Aided Design}

% The paper where a linear facet model is proposed.
% haralick1981facet
\refj{Haralick, R. M. and Watson, L. T.}{1981}{A facet model for image
  data}{Computer Graphics Image Processing}{15:113--129}

%% Proposes a method for making arbitrarily smooth shape preserving
%% spline interpolants, but uses a centered quadratic to estimate
%% derivatives and a sufficient set of bounding conditions to ensure
%% shape preservation in practice. No necessary conditions are
%% applied, no algorithm is provided, neither is any code provided.
% han2018shape
\refj{Han, X.}{2018}{Shape-preserving piecewise rational interpolation
  with higher order continuity}{Applied Mathematics and
  Computation}{337:1--13}

% herman2015techniques
\reft{Herman, D. L. and Oftedal, M. J.}{2015}{Techniques and
  workflows for computer graphics animation systems}{US Patent
  9,216,351}

% hess1994positive
\refj{He{\ss}, W. and Schmidt, J. W.}{1994}{Positive quartic, monotone
  quintic $\scriptstyle C^2$-spline interpolation in one and two
  dimensions}{Journal of Computational and Applied
  Mathematics}{55(1):51--67}

%% Presents several nonlinear boundary conditions based on the median
%% function to establish a fourth order monotonicity preserving
%% constraints relying on divided difference initial derivative
%% estimates. Overall generates a monotone C1 cubic interpolant to
%% data.
% huynh1993accurate
\refj{Huynh, H. T.}{1993}{Accurate monotone cubic interpolation}{SIAM
  Journal of Numerical Analysis}{30(1):57--100}

% knott2012interpolating
\reft{Knott, G. D.}{2012}{Interpolating cubic splines}{Springer Science
  \& Business Media, Volume 18}

%% Use sufficient conditions for monotonicity and convexity to form a
%% globally weighted combination of C1 quadratic splines that satisfy
%% shape constraints.
%% \refj{Kvasov, B. I.}{2014}{Monotone and convex interpolation by
%%   weighted quadratic splines}{Advances in Computational
%%   Mathematics}{40(1):91--116}

% leitenstorfer2006generalized
\refj{Leitenstorfer, F. and Tutz, G.}{2006}{Generalized monotonic
  regression based on B-splines with an application to air pollution
  data}{Biostatistics}{8(3):654--673}

% lux2020thesis
\reft{Lux, T. C. H.}{2020}{Interpolants and error bounds for modeling
  and predicting variability in computer systems}{Ph.D. thesis,
  Department of Computer Science, Virginia Polytechnic Institute and
  State University, Blacksburg, Virginia}

% Monotone quintic algorithm.
% lux2020algorithm
\refj{Lux, T. C. H., Watson, L. T., Chang, T. H., Xu, L.,
  Wang, Y. and Hong, Y.}{2020}{An algorithm for constructing monotone
  quintic interpolating splines}{SCS {\sl Spring Simulation
    Multiconference, High Performance Computing Symposium}}{Article
  33, 1--12}

%% Constructs a C2 cubic spline with two additional knots per
%% interval. No code (paywall).
% manni1997monotone
\refj{Manni, C. and Sablonni\`ere, P.}{1997}{Monotone interpolation of
  order 3 by $C^2$ cubic splines}{IMA Journal of Numerical
  Analysis}{17(2):305--320}

%% Uses sufficient conditions to generate C2 cubic spline. No code
%% (paywall).
% manni2001shape
\refj{Manni, C.}{2001}{On shape preserving $C^2$ Hermite
  interpolation}{BIT Numerical Mathematics}{41(1):127--148}

% mcallister1981algorithm
\refj{McAllister, D. F. and Roulier, J. A.}{1981a}{An algorithm for 
  computing a shape-preserving osculatory quadratic spline}{ACM 
  Transactions on Mathematical Software (TOMS)}{7(3):331--347}

% mcallister1981shape
\refj{McAllister, D. F. and Roulier, J. A.}{1981b}{Algorithm 574:
  Shape-Preserving Osculatory Quadratic Splines [E1, E2]}{ACM
  Transactions on Mathematical Software (TOMS)}{7(3):384--386}

% moler2004numerical
\refb{Moler, C. B.}{2008}{Numerical Computing with {\caps Matlab}}{
  The MathWorks Inc., Natick, Massachusetts}

% Proves that C2 convexity preserving splines do not always exist.
% mulansky1991existence
\reft{Mulansky, B. and Neamtu, M.}{1991}{On the existence of shape
  preserving interpolation operators}{Dissertation, University of
  Twente, Vancouver}

% piah2011improved
\refj{Piah, A. R. M. and Unsworth, K.}{2011}{Improved sufficient
  conditions for monotonic piecewise rational quartic
  interpolation}{Sains Malaysiana}{40(10):1173--1178}

%% Proposes a cubic C2 shape preserving spline method with free
%% parameters (mentions quintic splines are necessary for globally C2
%% monotone splines). Sufficient (but not necessary) conditions are
%% provided for monotonicity.
% pruess1993shape
\refj{Pruess, S.}{1993}{Shape preserving $C^2$ cubic spline
  interpolation}{IMA Journal of Numerical Analysis}{13(4):493--507}

% quint2003scalable
\refj{Quint, A.}{2003}{Scalable vector graphics}{IEEE
  MultiMedia}{10(3):99--102}

% ramsay1988monotone
\refj{Ramsay, J. O.}{1988}{Monotone regression splines in
  action}{Statistical Science}{3(4):425--441}

% schmidt1988positivity
\refj{Schmidt, J. W. and He{\ss}, W.}{1988}{Positivity of cubic
  polynomials on intervals and positive spline interpolation}{BIT
  Numerical Mathematics}{28(2):340--352}

% schumaker1983shape
\refj{Schumaker, Larry L.}{1983}{On shape preserving quadratic spline
  interpolation}{SIAM Journal on Numerical Analysis}{20(4):854--864}

% Tech report first published by Ulrich and Watson.
% ulrich1990positivity
\reft{Ulrich, G. and Watson, L. T.}{1990}{Positivity conditions for
  quartic polynomials}{Technical Report 90-57, Department of Computer
  Science, Virginia Polytechnic Institute and State University,
  Blacksburg, Virginia}

% ulrich1994positivity
\refj{Ulrich, G. and Watson, L. T.}{1994}{Positivity conditions for
  quartic polynomials}{SIAM Journal on Scientific
  Computing}{15(3):528--544}

% wang2004rational
\refj{Wang, Q. and Tan, J.}{2004}{Rational quartic spline involving
  shape parameters}{Journal of Information and Computational
  Science}{1(1):127--130}

% yao2018unconditionally
\refj{Yao, J. and Nelson, K. E.}{2018}{An unconditionally monotone
  $\scriptstyle C^2$ quartic spline method with nonoscillation
  derivatives}{Advances in Pure Mathematics}{8(1):25--40}

%% Uses sufficient conditions over three free parameters to construct
%% C2 rational quartic shape preserving splines.
% zhu2015rational
\refj{Zhu, Y. and Han, X.}{2015a}{$C^2$ rational quartic interpolation
  spline with local shape preserving property}{Applied Mathematics
  Letters}{46:57--63}

%% Uses sufficient conditions over two free parameters to construct C2
%% rational quartic shape preserving splines.
% zhu2015shape
\refj{Zhu, Y. and Han, X.}{2015b}{Shape preserving $C^2$ rational quartic
  interpolation spline with two parameters}{International Journal of
  Computer Mathematics}{92(10):2160--2177}
}

