@Comment A design history article that mentions spline usage in architecture, aerospace and engineering.
@article{brennan2019measure,
    author = {Brennan, AnnMarie},
    title = "{Measure, Modulation and Metadesign: NC Fabrication in Industrial Design and Architecture}",
    journal = {Journal of Design History},
    year = {2019},
    month = {11},
    issn = {0952-4649},
    doi = {10.1093/jdh/epz042},
    url = {https://doi.org/10.1093/jdh/epz042},
    eprint = {http://oup.prod.sis.lan/jdh/advance-article-pdf/doi/10.1093/jdh/epz042/31142062/epz042.pdf},
}

@Comment Article with authors who say that QUINTIC theory doesn't exist..
@article{xie2018semiparametric,
  title={Semiparametric models for accelerated destructive degradation test data analysis},
  author={Xie, Yimeng and King, Caleb B and Hong, Yili and Yang, Qingyu},
  journal={Technometrics},
  volume={60},
  number={2},
  pages={222--234},
  year={2018},
  publisher={Taylor \& Francis}
}

@Comment C2 QUARTIC spline interpolation (with some shape limitations).
@article{yao2018unconditionally,
  title={An Unconditionally Monotone C2 Quartic Spline Method with Nonoscillation Derivatives},
  author={Yao, Jin and Nelson, Karl E},
  journal={Advances in Pure Mathematics},
  volume={8},
  number={LLNL-JRNL-742107},
  year={2018},
  publisher={Lawrence Livermore National Lab.(LLNL), Livermore, CA (United States)}
}

@Comment Patent describing a graphics workflow that uses splines.
@misc{herman2015techniques,
  title={Techniques and workflows for computer graphics animation system},
  author={Herman, Daniel Lawrence and Oftedal, Mark J},
  year={2015},
  month={December},
  publisher={Google Patents},
  note={US Patent 9,216,351}
}

@Comment usefulness of smooth approximations in statistics
@book{knott2012interpolating,
  title={Interpolating cubic splines},
  author={Knott, Gary D},
  volume={18},
  year={2012},
  doi = { 10.1007/978-1-4612-1320-8 },
  publisher={Springer Science \& Business Media}
}

@Comment Piecewise QUARTIC monotone splines, continued.
@article{piah2011improved,
  title={Improved sufficient conditions for monotonic piecewise rational quartic interpolation},
  author={Piah, Abd Rahni Mt and Unsworth, Keith},
  journal={Sains Malaysiana},
  volume={40},
  number={10},
  pages={1173--1178},
  year={2011}
}

@Comment Article discussing the improved motor longevity of vehicles controlled by smooth splines.
@article{berglund2009planning,
  title={Planning smooth and obstacle-avoiding B-spline paths for autonomous mining vehicles},
  author={Berglund, Tomas and Brodnik, Andrej and Jonsson, H{\aa}kan and Staffanson, Mats and Soderkvist, Inge},
  journal={IEEE Transactions on Automation Science and Engineering},
  volume={7},
  number={1},
  pages={167--172},
  year={2009},
  publisher={IEEE}
}

@Comment Generalized monotonic regression paper (does quintic, but has complex bootstrapping procedure).
@article{leitenstorfer2006generalized,
  title={Generalized monotonic regression based on B-splines with an application to air pollution data},
  author={Leitenstorfer, Florian and Tutz, Gerhard},
  journal={Biostatistics},
  volume={8},
  number={3},
  pages={654--673},
  year={2006},
  publisher={Oxford University Press}
}

@Comment Piecewise QUARTIC monotone splines (limited application)
@article{wang2004rational,
  title={Rational quartic spline involving shape parameters},
  author={Wang, Qiang and Tan, Jieqing},
  journal={Journal of Information and Computational Science},
  volume={1},
  number={1},
  pages={127--130},
  year={2004},
  publisher={Citeseer}
}

@Comment Paper on SVG format, mentions spline availability.
@ARTICLE{quint2003scalable, 
  author={A. {Quint}}, 
  journal={IEEE MultiMedia}, 
  title={Scalable vector graphics}, 
  year={2003}, 
  volume={10}, 
  number={3}, 
  pages={99-102}, 
  keywords={computer animation;software standards;hypermedia markup languages;scalable vector graphics;SVG standard;graphics capabilities;dynamism;distributed graphics-centered applications;lightweight graphics-centered applications;XML workflows;Graphics;XML;Markup languages;HTML;Cascading style sheets;Filters;Animation;Web sites;Sun;Multimedia communication}, 
  doi={10.1109/MMUL.2003.1218261}, 
  ISSN={1941-0166}, 
  month={July},
}

@Comment This paper covers piecewise QUADRATIC monotone b-splines smoothed.
@article{he1998monotone,
  title={Monotone B-spline smoothing},
  author={He, Xuming and Shi, Peide},
  journal={Journal of the American Statistical Association},
  volume={93},
  number={442},
  pages={643--650},
  year={1998},
  publisher={Taylor \& Francis Group}
}

@Comment A second paper published the same year as Dr. Watson's on quintic interpolation.
@article{hess1994positive,
  title={Positive quartic, monotone quintic C2-spline interpolation in one and two dimensions},
  author={Hess, Walter and Schmidt, Jochen W},
  journal={Journal of Computational and Applied Mathematics},
  volume={55},
  number={1},
  pages={51--67},
  year={1994},
  doi={ 10.1016/0377-0427(94)90184-8 },
  publisher={Elsevier}
}


@Comment Dr. Watson's paper on monotone quintic spline interpolation.
@article{ulrich1994positivity,
  author = {Ulrich, G. and Watson, L.},
  title = {Positivity Conditions for Quartic Polynomials},
  journal = {SIAM Journal on Scientific Computing},
  volume = {15},
  number = {3},
  pages = {528-544},
  year = {1994},
  doi = { 10.1137/0915035 },
  URL = { https://doi.org/10.1137/0915035 },
  eprint = { https://doi.org/10.1137/0915035 },
}

@Comment Original source of suggested bounds on derivative values.
@article{huynh1993accurate,
  author = {Huynh, Hung T.},
  title = {Accurate Monotone Cubic Interpolation},
  journal = {SIAM Journal on Numerical Analysis},
  volume = {30},
  number = {1},
  pages = {57-100},
  year = {1993},
  doi = {10.1137/0730004},
  URL = {https://doi.org/10.1137/0730004},
  eprint = {https://doi.org/10.1137/0730004}
}

@Comment Article on simplified cubic positivity conditions (for simplified quintic monotonicity check)
@Article{schmidt1988positivity,
  author="Schmidt, Jochen W. and He{\ss}, Walter",
  title="Positivity of cubic polynomials on intervals and positive spline interpolation",
  journal="BIT Numerical Mathematics",
  year="1988",
  month="Jun",
  day="01",
  volume="28",
  number="2",
  pages="340--352",
  abstract="A criterion for the positivity of a cubic polynomial on a given interval is derived. By means of this result a necessary and sufficient condition is given under which cubicC1-spline interpolants are nonnegative. Further, since such interpolants are not uniquely determined, for selecting one of them the geometric curvature is minimized. The arising optimization problem is solved numerically via dualization.",
  issn="1572-9125",
  doi="10.1007/BF01934097",
  url="https://doi.org/10.1007/BF01934097"
}



@Comment shape preserving interpolation
@article{ramsay1988monotone,
  title={Monotone Regression Splines in Action},
  author={Ramsay, James O and others},
  journal={Statistical Science},
  volume={3},
  number={4},
  pages={425--441},
  year={1988},
  publisher={Institute of Mathematical Statistics}
}

@Comment extended monotone cubic inteprolant
@article{carlson1985monotone,
  author = {Carlson, R. and Fritsch, F.},
  title = {Monotone Piecewise Bicubic Interpolation},
  journal = {SIAM Journal on Numerical Analysis},
  volume = {22},
  number = {2},
  pages = {386-400},
  year = {1985},
  doi = {10.1137/0722023},
  URL = { https://doi.org/10.1137/0722023 },
  eprint = { https://doi.org/10.1137/0722023 },
}

@Comment Usefulness of interpolating second derivative
@article{gregory1985shape,
  title={Shape preserving spline interpolation},
  author={Gregory, John A},
  journal = {Brunel University},
  year={1985},
  url = { https://ntrs.nasa.gov/archive/nasa/casi.ntrs.nasa.gov/19850020252.pdf }
}

@Comment shape preserving interpolation
@article{fritsch1980monotone,
  author = {Fritsch, F. and Carlson, R.},
  title = {Monotone Piecewise Cubic Interpolation},
  journal = {SIAM Journal on Numerical Analysis},
  volume = {17},
  number = {2},
  pages = {238-246},
  year = {1980},
  doi = { 10.1137/0717021 },
  URL = { https://doi.org/10.1137/0717021 },
  eprint = { https://doi.org/10.1137/0717021 },
}

