@Comment The IOzone benchmark page.
@online{iozone,
  author={Norcott, W. D.},
  title={IOzone Filesystem Benchmark},
  year=2017,
  url={http://www.iozone.org},
  urldate={2017-11-12},
}

