@Comment Publicaiton record for the HPC paper on the quintic code.
@inproceedings{lux2020algorithm,
  author = {Lux, Thomas C. H. and Watson, Layne T. and Chang, Tyler H. and Xu, Li and Wang, Yueyao and Hong, Yili},
  title = {An Algorithm for Constructing Monotone Quintic Interpolating Splines},
  year = {2020},
  publisher = {Society for Computer Simulation International},
  booktitle = {Proceedings of the High Performance Computing Symposium},
  numpages = {12},
  keywords = {monotone, quintic spline, Hermite interpolation, sixth order polynomial},
  location = {Fairfax, Virginia},
  series = {HPC â€™20}
}

@Comment A design history article that mentions spline usage in architecture, aerospace and engineering.
@article{brennan2019measure,
    author = {Brennan, AnnMarie},
    title = "{Measure, Modulation and Metadesign: NC Fabrication in Industrial Design and Architecture}",
    journal = {Journal of Design History},
    year = {2019},
    month = {11},
    issn = {0952-4649},
    doi = {10.1093/jdh/epz042},
    url = {https://doi.org/10.1093/jdh/epz042},
    eprint = {http://oup.prod.sis.lan/jdh/advance-article-pdf/doi/10.1093/jdh/epz042/31142062/epz042.pdf},
}

@Comment My previous work on modeling HPC I/O systems data.
@inproceedings{lux2018nonparametric,
  title={Nonparametric Distribution Models for Predicting and Managing Computational Performance Variability},
  author={Lux, Thomas C H and Watson, Layne T and Chang, Tyler H and Bernard, Jon and Li, Bo and Yu, Xiaodong and Xu, Li and Back, Godmar and Butt, Ali R and Cameron, Kirk W and others},
  booktitle={SoutheastCon 2018},
  pages={1--7},
  year={2018},
  organization={IEEE}
}

@Comment C2 QUARTIC spline interpolation (with some shape limitations).
@article{yao2018unconditionally,
  title={An Unconditionally Monotone C2 Quartic Spline Method with Nonoscillation Derivatives},
  author={Yao, Jin and Nelson, Karl E},
  journal={Advances in Pure Mathematics},
  volume={8},
  number={LLNL-JRNL-742107},
  year={2018},
  publisher={Lawrence Livermore National Lab.(LLNL), Livermore, CA (United States)}
}

@Comment Article with authors who say that QUINTIC theory doesn't exist..
@article{xie2018semiparametric,
  title={Semiparametric models for accelerated destructive degradation test data analysis},
  author={Xie, Yimeng and King, Caleb B and Hong, Yili and Yang, Qingyu},
  journal={Technometrics},
  volume={60},
  number={2},
  pages={222--234},
  year={2018},
  publisher={Taylor \& Francis}
}

@Comment Patent describing a graphics workflow that uses splines.
@misc{herman2015techniques,
  title={Techniques and workflows for computer graphics animation system},
  author={Herman, Daniel Lawrence and Oftedal, Mark J},
  year={2015},
  month={December},
  publisher={Google Patents},
  note={US Patent 9,216,351}
}

@Comment usefulness of smooth approximations in statistics
@book{knott2012interpolating,
  title={Interpolating cubic splines},
  author={Knott, Gary D},
  volume={18},
  year={2012},
  doi = { 10.1007/978-1-4612-1320-8 },
  publisher={Springer Science \& Business Media}
}

@Comment Piecewise QUARTIC monotone splines, continued.
@article{piah2011improved,
  title={Improved sufficient conditions for monotonic piecewise rational quartic interpolation},
  author={Piah, Abd Rahni Mt and Unsworth, Keith},
  journal={Sains Malaysiana},
  volume={40},
  number={10},
  pages={1173--1178},
  year={2011}
}


@Comment Article discussing the improved motor longevity of vehicles controlled by smooth splines.
@article{berglund2009planning,
  title={Planning smooth and obstacle-avoiding B-spline paths for autonomous mining vehicles},
  author={Berglund, Tomas and Brodnik, Andrej and Jonsson, H{\aa}kan and Staffanson, Mats and Soderkvist, Inge},
  journal={IEEE Transactions on Automation Science and Engineering},
  volume={7},
  number={1},
  pages={167--172},
  year={2009},
  publisher={IEEE}
}

@Comment Generalized monotonic regression paper (does quintic, but has complex bootstrapping procedure).
@article{leitenstorfer2006generalized,
  title={Generalized monotonic regression based on B-splines with an application to air pollution data},
  author={Leitenstorfer, Florian and Tutz, Gerhard},
  journal={Biostatistics},
  volume={8},
  number={3},
  pages={654--673},
  year={2006},
  publisher={Oxford University Press}
}

@Comment Piecewise QUARTIC monotone splines (limited application)
@article{wang2004rational,
  title={Rational quartic spline involving shape parameters},
  author={Wang, Qiang and Tan, Jieqing},
  journal={Journal of Information and Computational Science},
  volume={1},
  number={1},
  pages={127--130},
  year={2004},
  publisher={Citeseer}
}

@Comment Paper on SVG format, mentions spline availability.
@ARTICLE{quint2003scalable, 
  author={A. {Quint}}, 
  journal={IEEE MultiMedia}, 
  title={Scalable vector graphics}, 
  year={2003}, 
  volume={10}, 
  number={3}, 
  pages={99-102}, 
  keywords={computer animation;software standards;hypermedia markup languages;scalable vector graphics;SVG standard;graphics capabilities;dynamism;distributed graphics-centered applications;lightweight graphics-centered applications;XML workflows;Graphics;XML;Markup languages;HTML;Cascading style sheets;Filters;Animation;Web sites;Sun;Multimedia communication}, 
  doi={10.1109/MMUL.2003.1218261}, 
  ISSN={1941-0166}, 
  month={July},
}

@Comment This paper covers piecewise QUADRATIC monotone b-splines smoothed.
@article{he1998monotone,
  title={Monotone B-spline smoothing},
  author={He, Xuming and Shi, Peide},
  journal={Journal of the American Statistical Association},
  volume={93},
  number={442},
  pages={643--650},
  year={1998},
  publisher={Taylor \& Francis Group}
}

@Comment A second paper published the same year as Dr. Watson's on quintic interpolation.
@article{hess1994positive,
  title={Positive quartic, monotone quintic C2-spline interpolation in one and two dimensions},
  author={Hess, Walter and Schmidt, Jochen W},
  journal={Journal of Computational and Applied Mathematics},
  volume={55},
  number={1},
  pages={51--67},
  year={1994},
  doi={ 10.1016/0377-0427(94)90184-8 },
  publisher={Elsevier}
}

@Comment Dr. Watson's paper on monotone quintic spline interpolation.
@article{ulrich1994positivity,
  author = {Ulrich, G. and Watson, L.},
  title = {Positivity Conditions for Quartic Polynomials},
  journal = {SIAM Journal on Scientific Computing},
  volume = {15},
  number = {3},
  pages = {528-544},
  year = {1994},
  doi = { 10.1137/0915035 },
  URL = { https://doi.org/10.1137/0915035 },
  eprint = { https://doi.org/10.1137/0915035 },
}


@Comment shape preserving interpolation
@article{ramsay1988monotone,
  title={Monotone Regression Splines in Action},
  author={Ramsay, James O and others},
  journal={Statistical Science},
  volume={3},
  number={4},
  pages={425--441},
  year={1988},
  publisher={Institute of Mathematical Statistics}
}

@Comment Source paper for citing the delaunay triangulation.
@article{lee1980two,
  title={Two algorithms for constructing a Delaunay triangulation},
  author={Lee, Der-Tsai and Schachter, Bruce J},
  journal={International Journal of Computer \& Information Sciences},
  volume={9},
  number={3},
  pages={219--242},
  year={1980},
  publisher={Springer}
}

@Comment shape preserving interpolation
@article{fritsch1980monotone,
  author = {Fritsch, F. and Carlson, R.},
  title = {Monotone Piecewise Cubic Interpolation},
  journal = {SIAM Journal on Numerical Analysis},
  volume = {17},
  number = {2},
  pages = {238-246},
  year = {1980},
  doi = { 10.1137/0717021 },
  URL = { https://doi.org/10.1137/0717021 },
  eprint = { https://doi.org/10.1137/0717021 },
}

@Comment Kolmogorov Smirnov statistic and test
@article{lilliefors1967kolmogorov,
  title={On the Kolmogorov-Smirnov Test for Normality with Mean and Variance Unknown},
  author={Lilliefors, Hubert W},
  journal={Journal of the American Statistical Association},
  volume={62},
  number={318},
  pages={399--402},
  year={1967},
  publisher={Taylor \& Francis Group}
}

@Comment The IOzone benchmark page.
@online{iozone,
  author={Norcott, W. D.},
  title={IOzone Filesystem Benchmark},
  year=2017,
  url={http://www.iozone.org},
  urldate={2017-11-12},
}

