% Quantum Annealing for Linear Least Squares.
@inproceedings{borle2019analyzing,
  title={Analyzing the quantum annealing approach for solving linear least squares problems},
  author={Borle, Ajinkya and Lomonaco, Samuel J},
  booktitle={International Workshop on Algorithms and Computation},
  pages={289--301},
  year={2019},
  organization={Springer}
}

% Quantum Annealing for polynomial systems of equations.
@article{chang2019quantum,
  title={Quantum annealing for systems of polynomial equations},
  author={Chang, Chia Cheng and Gambhir, Arjun and Humble, Travis S and Sota, Shigetoshi},
  journal={Scientific reports},
  volume={9},
  number={1},
  pages={10258},
  year={2019},
  publisher={Nature Publishing Group}
}

% Gate model algorithm for solving Ax=b
@article{PhysRevLett.103.150502,
  title = {Quantum Algorithm for Linear Systems of Equations},
  author = {Harrow, Aram W. and Hassidim, Avinatan and Lloyd, Seth},
  journal = {Phys. Rev. Lett.},
  volume = {103},
  issue = {15},
  pages = {150502},
  numpages = {4},
  year = {2009},
  month = {Oct},
  publisher = {American Physical Society}
}  %doi = {10.1103/PhysRevLett.103.150502},
  %url = {https://link.aps.org/doi/10.1103/PhysRevLett.103.150502}

% AQC algorithm for solving Ax=b
@article{PhysRevLett.122.060504,
  title = {Quantum Algorithms for Systems of Linear Equations Inspired by Adiabatic Quantum Computing},
  author = {Suba\ifmmode \mbox{\c{s}}\else \c{s}\fi{}\ifmmode \imath \else \i \fi{}, Yi\ifmmode \breve{g}\else \u{g}\fi{}it and Somma, Rolando D. and Orsucci, Davide},
  journal = {Phys. Rev. Lett.},
  volume = {122},
  issue = {6},
  pages = {060504},
  numpages = {5},
  year = {2019},
  month = {Feb},
  publisher = {American Physical Society}
}  %doi = {10.1103/PhysRevLett.122.060504},
  %url = {https://link.aps.org/doi/10.1103/PhysRevLett.122.060504}


% Implementation of above with chemistry.
@article{PhysRevA.99.012320,
  title = {Experimental realization of quantum algorithms for a linear system inspired by adiabatic quantum computing},
  author = {Wen, Jingwei and Kong, Xiangyu and Wei, Shijie and Wang, Bixue and Xin, Tao and Long, Guilu},
  journal = {Phys. Rev. A},
  volume = {99},
  issue = {1},
  pages = {012320},
  numpages = {5},
  year = {2019},
  month = {Jan},
  publisher = {American Physical Society}
}  %doi = {10.1103/PhysRevA.99.012320},
  %url = {https://link.aps.org/doi/10.1103/PhysRevA.99.012320}


% Original QA paper. Also shows that the likelihood of achieving the ground state decreases quadratically with linearly shrinking energy gap.
@article{kadowaki1998quantum,
  title={Quantum annealing in the transverse Ising model},
  author={Kadowaki, Tadashi and Nishimori, Hidetoshi},
  journal={Physical Review E},
  volume={58},
  number={5},
  pages={5355},
  year={1998},
  publisher={APS}
}

% Article laying the foundation for Quantum Annealing via quantum tunneling.
@article{ray1989sherrington,
  title={Sherrington-Kirkpatrick model in a transverse field: Absence of replica symmetry breaking due to quantum fluctuations},
  author={Ray, Pulak and Chakrabarti, Bikas K and Chakrabarti, Arunava},
  journal={Physical Review B},
  volume={39},
  number={16},
  pages={11828},
  year={1989},
  publisher={APS}
}

% Equivalence of AQC and gate model
@article{aharonov2008adiabatic,
  title={Adiabatic quantum computation is equivalent to standard quantum computation},
  author={Aharonov, Dorit and Van Dam, Wim and Kempe, Julia and Landau, Zeph and Lloyd, Seth and Regev, Oded},
  journal={SIAM review},
  volume={50},
  number={4},
  pages={755--787},
  year={2008},
  publisher={SIAM}
}

% Homotopy methods
@article{watson1997algorithm,
  title={Algorithm 777: HOMPACK90: A suite of Fortran 90 codes for globally convergent homotopy algorithms},
  author={Watson, Layne T and Sosonkina, Maria and Melville, Robert C and Morgan, Alexander P and Walker, Homer F},
  journal={ACM Transactions on Mathematical Software (TOMS)},
  volume={23},
  number={4},
  pages={514--549},
  year={1997},
  publisher={ACM}
}

% Classical solutions to SOS
@article{lasserre2001global,
  title={Global optimization with polynomials and the problem of moments},
  author={Lasserre, Jean B},
  journal={SIAM Journal on optimization},
  volume={11},
  number={3},
  pages={796--817},
  year={2001},
  publisher={SIAM}
}

% Original paper describing "Reduction by Substitution" or what we refer to as the AND gate.
@article{rosenberg1975reduction,
  title={Reduction of bivalent maximization to the quadratic case},
  author={Rosenberg, Ivo G},
  journal={Cahiers du Centre dâ€™etudes de Recherche Operationnelle},
  volume={17},
  pages={71--74},
  year={1975}
}

% Article showing the AND gate (reduction by substitution, section 5, page 44)
@article{dattani2019quadratization,
  title={Quadratization in discrete optimization and quantum mechanics},
  author={Dattani, Nike},
  journal={arXiv preprint arXiv:1901.04405},
  year={2019}
}

% Shor's algorithm
@article{shor1999polynomial,
  title={Polynomial-time algorithms for prime factorization and discrete logarithms on a quantum computer},
  author={Shor, Peter W},
  journal={SIAM review},
  volume={41},
  number={2},
  pages={303--332},
  year={1999},
  publisher={SIAM}
}  %url={https://epubs.siam.org/doi/abs/10.1137/S0036144598347011?casa_token=a1HjL4NT4JcAAAAA:76FzW89tOwMuu471TSx0PCrJFUTa0tbvOyNfM4isoCzj3NwY6pvUAlJJpAlvq_emxY4fuksR_WRh}

% T required for shrinking spectral gap
@article{elgart2012note,
  title={A note on the switching adiabatic theorem},
  author={Elgart, Alexander and Hagedorn, George A},
  journal={Journal of Mathematical Physics},
  volume={53},
  number={10},
  pages={102202},
  year={2012},
  publisher={AIP}
}  %url={https://aip.scitation.org/doi/abs/10.1063/1.4748968}

% Golub and van Loan
@book{golub2012matrix,
  title={Matrix computations},
  author={Golub, Gene H and Van Loan, Charles F},
  edition={4},
  year={2013},
  publisher={Johns Hopkins University Press}
}

% Quantum gate model
@article{steane1998quantum,
  title={Quantum computing},
  author={Steane, Andrew},
  journal={Reports on Progress in Physics},
  volume={61},
  number={2},
  pages={117},
  year={1998},
  publisher={IOP Publishing}
}  %url={https://iopscience.iop.org/article/10.1088/0034-4885/61/2/002}


% Ising is NP-hard
@article{barahona1982computational,
  title={On the computational complexity of Ising spin glass models},
  author={Barahona, Francisco},
  journal={Journal of Physics A: Mathematical and General},
  volume={15},
  number={10},
  pages={3241},
  year={1982},
  publisher={IOP Publishing}
}  %url={https://iopscience.iop.org/article/10.1088/0305-4470/15/10/028}


% Textbook on QA
@book{das2005quantum,
  title={Quantum annealing and related optimization methods},
  author={Das, Arnab and Chakrabarti, Bikas K},
  volume={679},
  year={2005},
  publisher={Springer Science \& Business Media}
}

% QA theoretically faster than SA
@article{santoro2002theory,
  title={Theory of quantum annealing of an Ising spin glass},
  author={Santoro, Giuseppe E and Marto{\v{n}}{\'a}k, Roman and Tosatti, Erio and Car, Roberto},
  journal={Science},
  volume={295},
  number={5564},
  pages={2427--2430},
  year={2002},
  publisher={American Association for the Advancement of Science}
}  %url={https://science.sciencemag.org/content/295/5564/2427?casa_token=oOyVfFb2YFkAAAAA:uuUmeZPbfJVVjm9XlBllasY6OA1n_kOEJA4E5DSOD6neFa2PuVI6pEElaMvRkbomX4sJiq9gxn_YPpY}
  

% Evidence that QA will be better than SA
@article{boixo2014evidence,
  title={Evidence for quantum annealing with more than one hundred qubits},
  author={Boixo, Sergio and R{\o}nnow, Troels F and Isakov, Sergei V and Wang, Zhihui and Wecker, David and Lidar, Daniel A and Martinis, John M and Troyer, Matthias},
  journal={Nature Physics},
  volume={10},
  number={3},
  pages={218},
  year={2014},
  publisher={Nature Publishing Group}
}  %url={https://www.nature.com/articles/nphys2900}

% Review article on AQC
@article{albash2018adiabatic,
  title={Adiabatic quantum computation},
  author={Albash, Tameem and Lidar, Daniel A},
  journal={Reviews of Modern Physics},
  volume={90},
  number={1},
  pages={015002},
  year={2018},
  publisher={APS}
}  %url={https://journals.aps.org/rmp/abstract/10.1103/RevModPhys.90.015002}

% The Pegasus topology
@article{boothby2018next,
  title={Next-generation topology of D-Wave quantum processors},
  author={Boothby, Kelly and Bunyk, Paul and Raymond, Jack and Roy, Aidan},
  journal={D-Wave White Papers},
  volume={22},
  pages={28},
  year={2018}
}  %url={https://www.dwavesys.com/sites/default/files/14-1026A-C_Next-Generation-Topology-of-DW-Quantum-Processors.pdf}

% DWAVE article describing the multiplication circuit. [1]
@article{andriyash2016boosting,
  title={Boosting integer factoring performance via quantum annealing offsets},
  author={Andriyash, Evgeny and Bian, Zhengbing and Chudak, Fabian and Drew-Brook, Marshall and King, Andrew D and Macready, William G and Roy, Aidan},
  journal={D-Wave White Papers},
  year={2016}
}  %url={https://www.dwavesys.com/sites/default/files/14-1002A_B_tr_Boosting_integer_factorization_via_quantum_annealing_offsets.pdf}

% QA for factorization
@article{peng2008quantum,
  title={Quantum adiabatic algorithm for factorization and its experimental implementation},
  author={Peng, Xinhua and Liao, Zeyang and Xu, Nanyang and Qin, Gan and Zhou, Xianyi and Suter, Dieter and Du, Jiangfeng},
  journal={Physical review letters},
  volume={101},
  number={22},
  pages={220405},
  year={2008},
  publisher={APS}
}  %url={https://journals.aps.org/prl/abstract/10.1103/PhysRevLett.101.220405}

% Quantum annealing prime factorization
@article{jiang2018quantum,
  title={Quantum annealing for prime factorization},
  author={Jiang, Shuxian and Britt, Keith A and McCaskey, Alexander J and Humble, Travis S and Kais, Sabre},
  journal={Scientific Reports (Nature Publisher Group)},
  volume={8},
  pages={1--9},
  year={2018},
  publisher={Nature Publishing Group}
}  %url={https://www.nature.com/articles/s41598-018-36058-z}

% Quantum addition, suspected to be done with the less efficient classical addition circuit, they donâ€™t say otherwise. [3]
@article{alghassi2019graver,
  title={Graver Bases via Quantum Annealing with Application to Non-Linear Integer Programs},
  author={Alghassi, Hedayat and Dridi, Raouf and Tayur, Sridhar},
  journal={arXiv preprint arXiv:1902.04215},
  year={2019}
}  %url={https://arxiv.org/pdf/1902.04215.pdf}

% Paper describing practical properties of AQC on D-Wave
@article{karimi2019practical,
  title={Practical integer-to-binary mapping for quantum annealers},
  author={Karimi, Sahar and Ronagh, Pooya},
  journal={Quantum Information Processing},
  volume={18},
  number={4},
  pages={94},
  year={2019},
  publisher={Springer}
}  %url={https://link.springer.com/article/10.1007/s11128-019-2213-x}

% Quantum machine learning
@article{biamonte2017quantum,
  title={Quantum machine learning},
  author={Biamonte, Jacob and Wittek, Peter and Pancotti, Nicola and Rebentrost, Patrick and Wiebe, Nathan and Lloyd, Seth},
  journal={Nature},
  volume={549},
  number={7671},
  pages={195},
  year={2017},
  publisher={Nature Publishing Group}
}  %url={https://www.nature.com/articles/nature23474}

% Los Almos article, converting Prolog to D-WAVE
@article{pakin2018performing,
  title={Performing fully parallel constraint logic programming on a quantum annealer},
  author={Pakin, Scott},
  journal={Theory and Practice of Logic Programming},
  volume={18},
  number={5-6},
  pages={928--949},
  year={2018},
  publisher={Cambridge University Press}
}  %url={https://www.cambridge.org/core/journals/theory-and-practice-of-logic-programming/article/performing-fully-parallel-constraint-logic-programming-on-a-quantum-annealer/AB4CCF2D913D0325F770B3DA02AA262D}

% Quantum variational autoencoder
@article{khoshaman2018quantum,
  title={Quantum variational autoencoder},
  author={Khoshaman, Amir and Vinci, Walter and Denis, Brandon and Andriyash, Evgeny and Amin, Mohammad H},
  journal={Quantum Science and Technology},
  volume={4},
  number={1},
  pages={014001},
  year={2018},
  publisher={IOP Publishing}
}  %url={https://iopscience.iop.org/article/10.1088/2058-9565/aada1f/meta}

% Another quantum prime factorization article
@article{dridi2017prime,
  title={Prime factorization using quantum annealing and computational algebraic geometry},
  author={Dridi, Raouf and Alghassi, Hedayat},
  journal={Scientific reports},
  volume={7},
  pages={43048},
  year={2017},
  publisher={Nature Publishing Group}
}  %url={https://www.nature.com/articles/srep43048}

% The linear programming algorithm
@inproceedings{andersen2000mosek,
  title={The MOSEK interior point optimizer for linear programming: an implementation of the homogeneous algorithm},
  author={Andersen, Erling D and Andersen, Knud D},
  booktitle={High performance optimization},
  pages={197--232},
  year={2000},
  publisher={Springer}
}  %url={https://link.springer.com/chapter/10.1007/978-1-4757-3216-0_8}

% Finding physical embeddings (minorminer.find_embedding)
@article{cai2014practical,
  title={A practical heuristic for finding graph minors},
  author={Cai, Jun and Macready, William G and Roy, Aidan},
  journal={arXiv preprint arXiv:1406.2741},
  year={2014}
}  %url={https://arxiv.org/abs/1406.2741}
