
@article{barshan2011supervised,
  title={Supervised principal component analysis: Visualization, classification and regression on subspaces and submanifolds},
  author={Barshan, Elnaz and Ghodsi, Ali and Azimifar, Zohreh and Jahromi, Mansoor Zolghadri},
  journal={Pattern Recognition},
  volume={44},
  number={7},
  pages={1357--1371},
  year={2011},
  publisher={Elsevier},
  url={https://www.sciencedirect.com/science/article/abs/pii/S0031320310005819},
}

@article{FeatureSurvey,
  title={Feature selection: A data perspective},
  author={Li, Jundong and Cheng, Kewei and Wang, Suhang and Morstatter, Fred and Trevino, Robert P and Tang, Jiliang and Liu, Huan},
  journal={ACM Computing Surveys (CSUR)},
  volume={50},
  number={6},
  pages={94},
  year={2017},
  publisher={ACM},
  url={https://arxiv.org/pdf/1601.07996},
}

@article{PCAtutorial,
  title={A tutorial on principal component analysis},
  author={Shlens, Jonathon},
  journal={arXiv preprint arXiv:1404.1100},
  year={2014},
  url={https://arxiv.org/pdf/1404.1100.pdf},
}

@article{FeatureWeightingReview,
  title={A review and empirical evaluation of feature weighting methods for a class of lazy learning algorithms},
  author={Wettschereck, Dietrich and Aha, David W and Mohri, Takao},
  journal={Artificial Intelligence Review},
  volume={11},
  number={1-5},
  pages={273--314},
  year={1997},
  publisher={Springer},
  url={https://search.proquest.com/docview/198027865},
}

 @article{FeatureWeightingForClustering,
  title={Feature weighting in k-means clustering},
  author={Modha, Dharmendra S and Spangler, W Scott},
  journal={Machine learning},
  volume={52},
  number={3},
  pages={217--237},
  year={2003},
  publisher={Springer},
  url={https://link.springer.com/content/pdf/10.1023/A:1024016609528.pdf},
}

@misc{powell_lehe_2014, 
  title={Principal Component Analysis explained visually},
  journal={Explained Visually},
  publisher={setosa.io},
  author={Powell, Victor and Lehe, Lewis},
  year={2014},
  month={Oct},
  url={http://setosa.io/ev/principal-component-analysis/},
}

@article{tenenbaum2000global,
  title={A global geometric framework for nonlinear dimensionality reduction},
  author={Tenenbaum, Joshua B and De Silva, Vin and Langford, John C},
  journal={science},
  volume={290},
  number={5500},
  pages={2319--2323},
  year={2000},
  publisher={American Association for the Advancement of Science},
  url={http://science.sciencemag.org/content/sci/290/5500/2319.full.pdf},
}

@misc{lecun_cortes_burges_2008,
  title={THE MNIST DATABASE},
  journal={MNIST handwritten digit database, Yann LeCun, Corinna Cortes and Chris Burges},
  publisher={Yann LeCun},
  author={LeCun, Yann and Cortes, Corinna and Burges, Christopher J.C.},
  year={2008},
  month={Apr},
  url={http://yann.lecun.com/exdb/mnist/},
}

@inproceedings{lux2018predictive,
  title={Predictive modeling of I/O characteristics in high performance computing systems},
  author={Lux, Thomas CH and Watson, Layne T and Chang, Tyler H},
  booktitle={Proceedings of the High Performance Computing Symposium},
  pages={8},
  year={2018},
  organization={Society for Computer Simulation International},
  url={https://dl.acm.org/citation.cfm?id=3213077},
}

@inproceedings{shepard1968two,
  title={A two-dimensional interpolation function for irregularly-spaced data},
  author={Shepard, Donald},
  booktitle={Proceedings of the 1968 23rd ACM national conference},
  pages={517--524},
  year={1968},
  organization={ACM},
  url={http://citeseerx.ist.psu.edu/viewdoc/download?doi=10.1.1.154.6880&rep=rep1&type=pdf},
}

@inproceedings{chang2018polynomial,
  title={A polynomial time algorithm for multivariate interpolation in arbitrary dimension via the Delaunay triangulation},
  author={Chang, Tyler H and Watson, Layne T and Lux, Thomas CH and Li, Bo and Xu, Li and Butt, Ali R and Cameron, Kirk W and Hong, Yili},
  booktitle={Proceedings of the ACMSE 2018 Conference},
  pages={12},
  year={2018},
  organization={ACM},
  url={http://people.cs.vt.edu/~thchang/files/delaunay-acmse.pdf},
}

@inproceedings{krizhevsky2009learning,
  title={Learning multiple layers of features from tiny images},
  author={Krizhevsky, Alex and Hinton, Geoffrey},
  year={2009},
  institution={Citeseer},
  url={http://citeseerx.ist.psu.edu/viewdoc/download?doi=10.1.1.222.9220&rep=rep1&type=pdf},
}

@misc{yelp2018vegas, 
  title={American Style Restaurant Ratings in Las Vegas Nevada},
  author={Yelp},
  journal={World Wide Web},
  publisher={World Wide Web},
  year={2018},
  month={Nov},
  note={Online https://www.yelp.com/dataset},
  url={https://www.yelp.com/dataset},
}

@article{thacker2010algorithm,
  title={Algorithm 905: SHEPPACK: Modified Shepard algorithm for interpolation of scattered multivariate data},
  author={Thacker, William I and Zhang, Jingwei and Watson, Layne T and Birch, Jeffrey B and Iyer, Manjula A and Berry, Michael W},
  journal={ACM Transactions on Mathematical Software (TOMS)},
  volume={37},
  number={3},
  pages={34},
  year={2010},
  publisher={ACM},
  url={https://vtechworks.lib.vt.edu/bitstream/handle/10919/20262/sheppack.pdf},
}

@article{scikit-learn,
 title={Scikit-learn: Machine Learning in Python},
 author={Pedregosa, F. and Varoquaux, G. and Gramfort, A. and Michel, V.
         and Thirion, B. and Grisel, O. and Blondel, M. and Prettenhofer, P.
         and Weiss, R. and Dubourg, V. and Vanderplas, J. and Passos, A. and
         Cournapeau, D. and Brucher, M. and Perrot, M. and Duchesnay, E.},
 journal={Journal of Machine Learning Research},
 volume={12},
 pages={2825--2830},
 year={2011},
 url={https://scikit-learn.org/stable/index.html},
}
