%% Stochastic gradient descent
@article{nemirovski2009robust,
  title={Robust stochastic approximation approach to stochastic programming},
  author={Nemirovski, Arkadi and Juditsky, Anatoli and Lan, Guanghui and Shapiro, Alexander},
  journal={SIAM Journal on optimization},
  volume={19},
  number={4},
  pages={1574--1609},
  year={2009},
  publisher={SIAM}
}
%  url={https://search.proquest.com/docview/920840954?pq-origsite=gscholar},

%% L-BFGS
@article{nocedal1980updating,
  title={Updating quasi-Newton matrices with limited storage},
  author={Nocedal, Jorge},
  journal={Mathematics of computation},
  volume={35},
  number={151},
  pages={773--782},
  year={1980}
}
%  url={http://www.ams.org/journals/mcom/1980-35-151/S0025-5718-1980-0572855-7/S0025-5718-1980-0572855-7.pdf},

%% L-BFGS more recent paper.
@article{liu1989limited,
  title={On the limited memory BFGS method for large scale optimization},
  author={Liu, Dong C and Nocedal, Jorge},
  journal={Mathematical programming},
  volume={45},
  number={1-3},
  pages={503--528},
  year={1989},
  publisher={Springer}
}
%  url={http://people.sc.fsu.edu/~inavon/5420a/liu89limited.pdf},

%% AdaGrad
@article{duchi2013proximal,
  title={Proximal and First-Order Methods for Convex Optimization},
  author={Duchi, John C and Singer, Yoram},
  journal={Interpretation},
  volume={2},
  pages={2},
  year={2013}
}
%  url={https://pdfs.semanticscholar.org/2ddf/1465ec6026c16d47a5307ae94d834320cc5b.pdf},

%% ADAM
@article{kingma2014adam,
  title={Adam: A method for stochastic optimization},
  author={Kingma, Diederik P and Ba, Jimmy},
  journal={arXiv preprint arXiv:1412.6980},
  year={2014}
}
%  url={https://arxiv.org/pdf/1412.6980.pdf},

%% Saddle Point problems
@inproceedings{dauphin2014identifying,
  title={Identifying and attacking the saddle point problem in high-dimensional non-convex optimization},
  author={Dauphin, Yann N and Pascanu, Razvan and Gulcehre, Caglar and Cho, Kyunghyun and Ganguli, Surya and Bengio, Yoshua},
  booktitle={Advances in neural information processing systems},
  pages={2933--2941},
  year={2014}
}

